@misc{Africa2024,
  author       = {Africa, J},
  title        = {How Much Does a Porch Cost? 2025 Guide},
  year         = {2025},
day = {26}, 
month = {marzo},
  howpublished = {SuperMoney},
  url          = {https://www.supermoney.com/how-much-do-porches-cost},
  note         = {Recuperado el 24 de octubre de 2025}
}

@misc{Angi2025,
  author       = {Angi},
  title        = {How Much Does It Cost to Replace Asbestos Siding? [2025 Data]},
  year         = {2025},
  month        = {agosto},
  day          = {11},
  url          = {https://www.angi.com/articles/cost-to-replace-asbestos-siding.htm},
  note         = {Recuperado el 23 de octubre de 2025}
}

@misc{Angi2025b,
  author       = {Angi},
  title        = {How Much Does It Cost to Build a Tennis Court? [2025 Data]},
  year         = {2025},
  month        = {octubre},
  day          = {20},
  url          = {https://www.angi.com/articles/how-much-does-tennis-court-cost.htm},
  note         = {Recuperado el 24 de octubre de 2025}
}

*
@misc{Angi2025c,
  author       = {Angi},
  title        = {How Much Does a Gravel Driveway Cost? [2025 Data]},
  year         = {2025},
  month        = {octubre},
  day          = {18},
  howpublished = {Angi},
  url          = {https://www.angi.com/articles/how-much-does-gravel-driveway-cost.htm},
  note         = {Recuperado el 24 de octubre de 2025}
}

@misc{Angi2025d,
  author       = {Angi},
  title        = {How Much Does It Cost to Stucco a House? [2025 Data]},
  year         = {2025},
day = {14},
month = {octubre},
  url          = {https://www.angi.com/articles/how-much-does-it-cost-install-stucco-siding.htm},
  note         = {Recuperado el 24 de octubre de 2025}
}

@misc{Alexandre2025,
  author    = {Alexandre, J},
  title     = {How Much Does It Cost to Pave a Driveway in 2025?},
  year      = {2025},
day = {4},
month = {marzo},
  url       = {https://www.angi.com/articles/how-much-does-it-cost-pave-driveway.htm},
  note      = {Recuperado el 24 de octubre de 2025},
  publisher = {Angi}
}

@misc{appraisersblogs2015,
  author       = {{AppraisersBlogs}},
  title        = {Appraisal bias and appraiser pressure: Why all appraisals are always wrong},
  year         = {2015},
  month        = {mar},
  day          = {6},
  howpublished = {AppraisersBlogs},
  url          = {https://appraisersblogs.com/appraisal/appraisal-bias-and-appraiser-pressure-why-all-appraisals-are-always-wrong/}
}

@misc{BigHow2025,
  author       = {BigHow},
  title        = {Utility Installation Costs for New Land},
  year         = {2025},
  month        = {febrero},
  day          = {16},
  url          = {https://bighow.com/news/utility-installation-costs-for-new-land}, 
nota = {Recuperado el 23 de octubre de 2025}
}

@misc{Biermeier2025,
  author       = {Biermeier, D},
  title        = {How Much Does Wood Siding Cost to Install? [2025 Data]},
  year         = {2025},
day = {8},
month = {octubre},
  howpublished = {Angi},
  url          = {https://www.angi.com/articles/wood-siding-costs.htm},
  note         = {Recuperado el 24 de octubre de 2025}
}

@misc{Bennett2025,
  author       = {Bennett, R},
  title        = {How Much Does a Cinder Block Wall Cost?},
  year         = {2025},
howpublished = {Angi},
  url          = {https://www.angi.com/articles/how-much-does-it-cost-build-cinder-block-wall.htm},
  note         = {Recuperado el 24 de octubre de 2025}
}

@article{Bertsimas2017,
  author = {Dimitris Bertsimas and Jack Dunn},
  title = {Optimal Classification Trees},
  journal = {Machine Learning},
  year = {2017},
  volume = {106},
  number = {7},
  pages = {1039--1082},
  doi = {10.1007/s10994-017-5633-9},
  url = {https://link.springer.com/article/10.1007/s10994-017-5633-9}
}

@misc{Billock2024,
  author       = {Billock, J},
  title        = {This Is How Much the Average Kitchen Remodel Actually Costs, According to Experts},
  year         = {2024},
  month        = {marzo},
  day          = {16},
  howpublished = {Yahoo Life},
  url          = {https://www.yahoo.com/lifestyle/much-average-kitchen-remodel-actually-124500049.html},
  note         = {Recuperado el 24 de octubre de 2025}
}

@misc{BlockRenovation2025,
  author    = {BlockRenovation},
  title     = {How Much Does It Cost to Add a Bathroom to a House?},
  year      = {2025},
day = {19},
month = {marzo},
  url       = {https://www.blockrenovation.com/guides/how-much-does-it-cost-to-add-a-bathroom-to-a-house},
  note      = {Recuperado el 24 de octubre de 2025},
}

@misc{cambridge_blackbox,
  author       = {{Cambridge University Press}},
  title        = {Black box},
  howpublished = {In Cambridge Dictionary},
  url          = {https://dictionary.cambridge.org/dictionary/english/black-box}
}

@misc{Carlson2023,
  author       = {Carlson, J.},
  title        = {How much does a tar and gravel roof cost to replace?},
day = {5},
month = {abril},
year = {2023},
  howpublished = {HomeGuide},
  url          = {https://homeguide.com/costs/tar-and-gravel-roof-cost},
note = {Recuperado el 23 de octubre de 2025}
}

@misc{Carlson2023a,
  author       = {Carlson, J.},
  title        = {How much does roll roofing cost?},
  year         = {2023},
  month        = {abril},
  day          = {5},
  howpublished = {HomeGuide},
  url          = {https://homeguide.com/costs/roll-roofing-cost},
  note         = {Recuperado el 23 de octubre de 2025}
}

@misc{Carlson2025,
  author       = {Carlson, J},
  title        = {How Much Does Brick Veneer Cost?},
  year         = {2025},
day = {16},
month = {junio},
howpublished = {HomeGuide},
  url          = {https://homeguide.com/costs/brick-veneer-cost},
  note         = {Recuperado el 24 de octubre de 2025}
}
@misc{Carlson2025b,
  author       = {Carlson, J},
  title        = {How Much Does Brick Veneer Cost?},
  year         = {2025},
day = {16},
month = {junio},
  url          = {https://homeguide.com/costs/brick-veneer-cost},
  note         = {Recuperado el 24 de octubre de 2025}
}

@misc{Carlson2025c,
  author       = {Carlson, J},
  title        = {How Much Does a Concrete Slab Cost?},
  year         = {2025},
  url          = {https://homeguide.com/costs/concrete-slab-cost},
  note         = {Recuperado el 24 de octubre de 2025}
}

@misc{Carlson2025d,
  author    = {Carlson, J},
  year      = {2025},
day = {5},
month = {junio},
  title     = {How Much Does It Cost To Finish A Basement?},
  url       = {https://homeguide.com/costs/cost-to-finish-a-basement},
  note      = {Consultado: 24 de octubre de 2025},
  publisher = {HomeGuide},
}

@misc{Carthan2025,
  author       = {Carthan, A},
  title        = {Garage Remodel Cost (2025 Pricing)},
  year         = {2025},@misc{homeguide2025addbedroom,
  author    = {Tara Farmer},
  title     = {How Much Does It Cost to Add a Bedroom to a House?},
  year      = {2025},
  url       = {https://homeguide.com/costs/cost-to-add-a-bedroom-to-a-house},
  note      = {Consultado: 24 de octubre de 2025},
  publisher = {HomeGuide}
}
day = {22},
month = {julio},
  howpublished = {This Old House},
  url          = {https://www.thisoldhouse.com/garages/garage-remodel-cost},
  note         = {Recuperado el 24 de octubre de 2025}
}


@misc{Cedreo2025,
  author    = {Cedreo},
  title     = {Bathroom Additions: Pro’s Guide to Cost, Design & Client Approval},
day = {1},
month = {septiembre},
  year      = {2025},
  url       = {https://cedreo.com/blog/bathroom-addition},
  note      = {Recuperado el 24 de octubre de 2025},
}

@misc{Cellucci2025,
  author       = {Cellucci, Nick},
  title        = {How Much Does It Cost to Add a Bedroom and Bathroom? [2025 Data]},
day = {3},
month = {mayo},
year = {2025},
  howpublished = {Angi},
  url          = {https://www.angi.com/articles/primary-bedroom-bath-cost.htm},
note = {Recuperado el 23 de octubre de 2025}
}

@misc{chandra2023,
  author       = {Chandra, R.},
  title        = {Regresión Lasso vs Regresión Ridge en R - ¡Explicado!},
  year         = {2023},
  howpublished = {Kanaries},
  url          = {https://docs.kanaries.net/es/topics/R/lasso-regression-r}
}
@article{chicco2021,
  author  = {Chicco, D.},
  title   = {The coefficient of determination R² is more informative than SMAPE, etc.},
  journal = {Frontiers in Oncology},
  volume  = {11},
  year    = {2021},
  pages   = {720963},
  doi     = {10.3389/fonc.2021.720963},
  url     = {https://doi.org/10.3389/fonc.2021.720963}
}

@misc{Cramer2025,
  author       = {Cramer, Kristen},
  title        = {How much does it cost to build a house?},
  year         = {2025},
  month        = {octubre},
  day          = {23},
  url          = {https://homeguide.com/costs/cost-to-build-a-house},
  howpublished = {HomeGuide},
  note         = {Recuperado el 23 de octubre de 2025}
}

@misc{Cramer2024,
  author       = {Cramer, K},
  title        = {What’s the average cost to tear off and replace a roof?},
  year         = {2024},
  month        = {abril},
  day          = {18},
  url          = {https://homeguide.com/costs/average-cost-to-tear-off-and-replace-roof},
  organization = {HomeGuide},
  note         = {Recuperado el 23 de octubre de 2025}
}

@misc{Cramer2024b,
  author       = {Cramer, K},
  title        = {How much does a cedar shake roof cost?},
  year         = {2024},
  month        = {abril},
  day          = {18},
howpublished = {HomeGuide},
  url          = {https://homeguide.com/costs/cedar-shake-roof-cost},
  note         = {Recuperado el 23 de octubre de 2025}
}

@misc{Cramer2023,
  author       = {Cramer, K},
  title        = {How much does a home elevator cost?},
howpublished = {HomeGuide},
  year         = {2023},
  url = {https://homeguide.com/costs/home-elevator-cost},
  note         = {Recuperado el 24 de octubre de 2025}
}

@misc{Cramer2023b,
  author       = {Cramer, K},
  title        = {How Much Does Metal Siding Cost?},
  year         = {2023},
day = {1},
month = {agosto},
howpublished = {HomeGuide},
  url          = {https://homeguide.com/costs/metal-siding-cost},
  note         = {Recuperado el 24 de octubre de 2025}
}

@misc{Cramer2024c,
  author       = {Cramer, K},
  title        = {How much does house siding cost to install or replace?},
  year         = {2024},
day  = {3},
month = {enero},
  url          = {https://homeguide.com/costs/siding-cost},
  note         = {Recuperado el 24 de octubre de 2025}
}

@misc{Cutterconstructions.f.,
  author       = {CutterConstruction},
  title        = {Unveiling the Cost Implications of Adding a Garage to Your Home: A Comprehensive Guide},
  year         = {s.f.},
  url          = {https://cutterconstructionllc.com/unveiling-the-cost-implications-of-adding-a-garage-to-your-home-a-comprehensive-guide/},
  note         = {Recuperado el 24 de octubre de 2025}
}

@misc{datascience2023,
  author       = {{Data Science \& Beyond}},
  title        = {Choosing the Right Correlation: Pearson vs. Spearman vs. Kendall’s Tau},
  year         = {2023},
  month        = {oct},
  day          = {3},
  howpublished = {\url{https://ishanjainoffical.medium.com/choosing-the-right-correlation-pearson-vs-spearman-vs-kendalls-tau-02dc7d7dd01d}},
  note         = {Recuperado el 12 de septiembre de 2025}
}

@misc{datascience2023_medium,
  author       = {{Data Science \& Beyond}},
  title        = {Choosing the right correlation: Pearson vs. Spearman vs. Kendall’s Tau},
  year         = {2023},
  month        = {oct},
  day          = {3},
  howpublished = {Medium},
  url          = {https://ishanjainoffical.medium.com/choosing-the-right-correlation-pearson-vs-spearman-vs-kendalls-tau-02dc7d7dd01d}
}
@article{decock2011,
  author  = {De Cock, Dean},
  title   = {Ames, Iowa: Alternative to the Boston Housing Data as an End of Semester Regression Project},
  journal = {Journal of Statistics Education},
  volume  = {19},
  number  = {3},
  year    = {2011},
  doi     = {10.1080/10691898.2011.11889627},
  url     = {https://doi.org/10.1080/10691898.2011.11889627}
}
@misc{dunaway2024,
  author       = {Dunaway, J.},
  title        = {New Data: Home Renovation Trends in 2024},
  year         = {2024},
  month        = {oct},
  day          = {7},
  howpublished = {Clever},
  url          = {https://listwithclever.com/research/home-renovation-trends/}
}
@article{evans2019,
  author  = {Evans, K. and Lausberg, C. and Sui Sang How, J.},
  title   = {Reducing Property Appraisal Bias with Decision Support Systems: An Experimental Investigation in the South African Property Market},
  journal = {Journal of African Real Estate Research},
  volume  = {4},
  number  = {1},
  pages   = {108-138},
  year    = {2019},
  doi     = {10.15641/jarer.v4i1.729},
  url     = {http://dx.doi.org/10.15641/jarer.v4i1.729}
}

****
@misc{Fann2025,
  author       = {Fann, K},
  title        = {Hardie Board vs. Cement Board: Which Siding Should You Choose?},
day = {20},
month = {octubre},
  year         = {2025},
  url          = {https://www.angi.com/articles/hardie-board-vs-cement-board.htm},
  note         = {Recuperado el 24 de octubre de 2025}
}
@misc{Farmer2025,
  author       = {Farmer, T},
  title        = {How much does wood siding cost?},
  year         = {2025},
    howpublished = {HomeGuide},
  url          = {https://homeguide.com/costs/wood-siding-cost-to-install-or-replace},
  note         = {Recuperado el 24 de octubre de 2025}
}

@misc{Farmer2025b,
  author    = {Farmer, T},
  title     = {How much does paving an asphalt driveway cost?},
  year      = {2025},
day = {28},
month = {mayo},
  url       = {https://homeguide.com/costs/asphalt-driveway-cost},
  note      = {Recuperado el 24 de octubre de 2025},
  publisher = {HomeGuide}
}

@misc{Farmer2025c,
  author    = {Farmer, T},
  title     = {How much does it cost to add a bedroom?},
  year      = {2025},
day = {16},
month = {junio},
  url       = {https://homeguide.com/costs/cost-to-add-a-bedroom-to-a-house},
  note      = {Recuperado el 24 de octubre de 2025},
  publisher = {HomeGuide}
}

@misc{Farmer2023,
  author       = {Farmer, T},
  title        = {How much does cedar siding cost?},
  year         = {2023},
  month        = {octubre},
  day          = {3},
  howpublished = {HomeGuide},
  url          = {How much does cedar siding cost?},
  note         = {Recuperado el 23 de octubre de 2025}
}
**
@misc{FindPross.f.,
  author       = {FindPros},
  title        = {How Much Does It Cost to Finish a Basement?},
  year         = {s.f.},
  month        = {octubre},
  day          = {3},
  url          = {https://findpros.com/resources/articles/how-much-does-it-cost-to-finish-a-basement/},
  note         = {Recuperado el 24 de octubre de 2025}
}

@misc{fred2025,
  author       = {FRED},
  title        = {Consumer price index for all urban consumers: All items in U.S. city average},
  year         = {2025},
  howpublished = {[Data set]},
  url          = {https://fred.stlouisfed.org/series/CPIAUCS}
}
@book{geltner2014,
  author    = {Geltner, D. and Miller, N. G. and Clayton, J. and Eichholtz, P.},
  title     = {Commercial Real Estate: Analysis and Investments},
  edition   = {3},
  year      = {2014},
  publisher = {OnCourse Learning},
  url       = {https://books.google.com/books/about/Commercial_Real_Estate.html?id=3z2onzivNuAC}
}

@misc{Grant2025,
  author       = {Grant, M},
  title        = {How Much Does It Cost to Replace a Gravity Furnace? [2025 Data]},
day = {9}, 
month = {octubre},
  year         = {2025},
  url          = {https://www.angi.com/articles/gravity-furnace-replacement-cost.htm},
  note         = {Recuperado el 24 de octubre de 2025}
}

@misc{HandDoffs.f.,
  author       = {HandDoff},
  title        = {Average Cost to Install Vinyl Siding in the US},
  year         = {s.f.},
  url          = {https://www.handoff.ai/construction-costs/install-vinyl-siding},
  note         = {Recuperado el 24 de octubre de 2025}
}

@misc{Hoffman2025,
  author       = {Hoffman, R},
  title        = {How Much Does It Cost to Finish a Basement? [2025 Data]},
day = {14},
month = {agosto},
  year         = {2025},
  url          = {https://www.angi.com/articles/how-much-does-it-cost-finish-basement.htm},
  note         = {Recuperado el 24 de octubre de 2025}
}

@misc{HowMuchs.f.,
  author       = {HowMuch},
  title        = {How much does it cost to install floor gas furnace heating?},
  year         = {s.f.},
  url          = {https://howmuch.net/costs/hvac-heating-furnace-gas-floor-install},
  note         = {Recuperado el 24 de octubre de 2025}
}

@misc{Stone2024,
  author       = {Stone, G},
  title        = {How Much Does an Outdoor Fireplace Cost?},
  year         = {2024},
day = {3},
month = {noviembre},
  howpublished = {George Stones},
  url          = {https://georgestones.com/how-much-does-an-outdoor-fireplace-cost/},
  note         = {Recuperado el 24 de octubre de 2025}
}

**
@misc{Graham2025,
  author       = {Graham, A},
  title        = {How much does it cost to install a wire fence?},
  year         = {2025},
day = {31},
month = {junio},
  howpublished = {Fixr},
  url          = {https://www.fixr.com/costs/wire-fence},
  note         = {Recuperado el 24 de octubre de 2025}
}


@misc{Grupa2025,
  author       = {Grupa, T},
  title        = {How much does it cost to build a garage?},
  year         = {2025},
day = {28},
month = {mayo},
  howpublished = {HomeGuide},
  url          ={https://homeguide.com/costs/cost-to-build-a-garage}, 
note         = {Recuperado el 24 de octubre de 2025}
}

@misc{Grupa2025b,
  author       = {Grupa, T},
  title        = {How much does fence installation cost?},
  year         = {2025},
day = {22},
month = {julio},
  howpublished = {HomeGuide},
  url          = {https://homeguide.com/costs/fence-installation-cost},
  note         = {Recuperado el 24 de octubre de 2025}
}

@misc{Grupa2024,
  author       = {Grupa, T},
  title        = {How much does a fireplace cost to install or build?},
  year         = {2024},
  month        = {diciembre},
  day          = {3},
  howpublished = {HomeGuide},
  url          = {https://homeguide.com/costs/fireplace-installation-cost},
  note         = {Recuperado el 24 de octubre de 2025}
}

@misc{Grupa2024b,
  author       = {Grupa, T},
  title        = {How Much Does It Cost To Upgrade Or Replace An Electrical Panel?},
  year         = {2024},
  month        = {diciembre},
  day          = {30},
  howpublished = {HomeGuide},
  url          = {https://homeguide.com/costs/cost-to-replace-electrical-panel},
  note         = {Recuperado el 24 de octubre de 2025}
}


@article{harrison1978,
  author  = {Harrison, D., Jr. and Rubinfeld, D. L.},
  title   = {Hedonic housing prices and the demand for clean air},
  journal = {Journal of Environmental Economics and Management},
  volume  = {5},
  number  = {1},
  pages   = {81--102},
  year    = {1978},
  doi     = {10.1016/0095-0696(78)90006-2},
  url     = {https://doi.org/10.1016/0095-0696(78)90006-2}
}

@misc{He2025,
  author       = {He, J},
  title        = {What it Really Costs to Build a Deck in 2025},
  year         = {2025},
day = {4},
month = {junio},
  url          = {https://www.ergeon.com/blog/post/how-much-does-a-deck-cost},
  note         = {Recuperado el 24 de octubre de 2025}
}

@article{hodson2022,
  author  = {Hodson, T. O. and Archfield, S. A. and Kiang, J. E. and Over, T. M. and Farmer, W. H. and Hay, L. E.},
  title   = {Root-mean-square error (RMSE) or mean absolute error (MAE): When to use them or not},
  journal = {Geoscientific Model Development},
  volume  = {15},
  number  = {15},
  pages   = {5481--5487},
  year    = {2022},
  doi     = {10.5194/gmd-15-5481-2022},
  url     = {https://doi.org/10.5194/gmd-15-5481-2022}
}


@misc{HomeAdvisor2025a,
  author       = {HomeAdvisor},
  title        = {How Much Do Composite Shingle Roofs Cost?},
  year         = {2025},
  month        = {abril},
  day          = {8},
  url          = {https://www.homeadvisor.com/cost/roofing/composite/},
  note         = {Recuperado el 23 de octubre de 2025}
}


@misc{HomeAdvisor2025b,
  author       = {HomeAdvisor},
  title        = {How Much Does a Metal Roof Cost in 2025?},
  year         = {2025},
  month        = {abril},
  day          = {14},
  url          = {https://www.homeadvisor.com/cost/roofing/metal-roof-installation}, 
note = {Recuperado el 23 de octubre de 2025}
}

@misc{HomeAdvisor2025c,
  author       = {HomeAdvisor},
  title        = {How Much Does a Tile Roof Cost in 2025?},
  year         = {2025},
  month        = {marzo},
  day          = {20},
  url          = {https://www.homeadvisor.com/cost/roofing/install-replace-tile-roof/},
  note         = {Recuperado el 23 de octubre de 2025}
}

**
@misc{HomeAdvisor2025d,
  author       = {HomeAdvisor},
  title        = {How Much Does It Cost to Finish a Basement in 2025?},
  year         = {2025},
  month        = {junio},
  day          = {26},
  url          = {https://www.homeadvisor.com/cost/roofing/install-replace-tile-roof/},
  note         = {Recuperado el 24 de octubre de 2025}
}

@misc{HomeAdvisor2025e,
  author       = {HomeAdvisor},
  title        = {How Much Does It Cost to Pave a Driveway in 2025?},
  year         = {2025},
  month        = {junio},
  day          = {9},
  url          = {https://www.homeadvisor.com/cost/garages/install-a-driveway/},
  note         = {Recuperado el 24 de octubre de 2025}
}

**
@misc{HomeAdvisor2025f,
  author       = {HomeAdvisor},
  title        = {How Much Does It Cost to Build a Porch in 2025?},
  year         = {2025},
  url = {homeadvisor.com/cost/outdoor-living/build-a-porch/},
  note         = {Recuperado el 24 de octubre de 2025}
}

@misc{HomeAdvisor2025g,
  author       = {HomeAdvisor},
  title        = {How Much Does It Cost to Rewire a House in 2025?},
  year         = {2025},
  month        = {noviembre},
  day          = {16},
  howpublished = {HomeAdvisor},
  url          = {https://www.homeadvisor.com/cost/electrical/install-electrical-wiring-or-panel/},
  note         = {Recuperado el 24 de octubre de 2025}
}

@misc{HomeAdvisor2025h,
  author       = {HomeAdvisor},
  title        = {How Much Does a Foundation Cost in 2025?},
  year         = {2025},
day = {23},
month = {junio},
  url          = {https://www.homeadvisor.com/cost/foundations/install-a-foundation/},
  note         = {Recuperado el 24 de octubre de 2025}
}

@misc{HomeAdvisor2025i,
  author       = {HomeAdvisor},
  title        = {How Much Does Kitchen Installation Cost in 2025?},
day = {22},
month = {marzo},
  year         = {2025},
  url          = {https://www.homeadvisor.com/cost/kitchens/},
  note         = {Recuperado el 24 de octubre de 2025}
}

@misc{HomeAdvisor2025j,
  author       = {HomeAdvisor},
  title        = {What Does Boiler Replacement Cost? [2025 Data]},
  year         = {2025},
day = {16},
month = {junio},
  url          = {https://www.homeadvisor.com/cost/heating-and-cooling/install-a-boiler/},
  note         = {Recuperado el 24 de octubre de 2025},
  publisher    = {HomeAdvisor}
} 
@misc{HomeaAvisor2022,
  author       = {HomeAdvisor},
  title        = {EIFS vs. Stucco: What Are the Differences?},
  year         = {2022},
day = {2}, 
month = {diciembre},
  url          = {https://www.homeadvisor.com/r/synthetic-versus-traditional-stucco-siding},
  note         = {Recuperado el 24 de octubre de 2025}
}

@misc{HomeAdvisor2025h,
  author       = {HomeAdvisor},
  title        = {How Much Does Metal Siding Cost in 2025?},
  year         = {2025},
  url          = {https://www.homeadvisor.com/cost/siding/metal-siding/},
  note         = {Recuperado el 24 de octubre de 2025}
}

@misc{HomeAdvisor2025i,
  author       = {HomeAdvisor},
  title        = {How Much Does It Cost to Stucco a House in 2025?},
  year         = {2025},
day = {25},
month = {junio},
  url          = {https://www.homeadvisor.com/cost/siding/stucco-siding/},
  note         = {Recuperado el 24 de octubre de 2025}
}

@misc{ibm2021,
  author       = {Ibm-a},
  title        = {What is boosting?},
  year         = {2021},
  month        = {sep},
  day          = {28},
  howpublished = {ibm},
  url          = {https://www.ibm.com/think/topics/boosting}
}

@misc{HomeGo2022,
  author       = {HomeGo},
  title        = {How a Detached Garage Can Skyrocket Your Property Value},
  year         = {2022},
  url = {https://www.homego.com/blog/how-much-does-a-detached-garage-add-to-property-value/},
  note         = {Recuperado el 24 de octubre de 2025}
}

@misc{ibm2025a,
  author       = {Ibm-b},
  title        = {Arboles de decisión},
  year         = {2025},
  month        = {jan},
  day          = {30},
  howpublished = {ibm},
  url          = {https://www.ibm.com/es-es/think/topics/decision-trees}
}

@misc{ibm2025b,
  author       = {Ibm-c},
  title        = {Random Forest},
  year         = {2025},
  month        = {jun},
  day          = {4},
  howpublished = {ibm},
  url          = {https://www.ibm.com/think/topics/random-forest}
}

@book{InternationalResidentialCode2021,
  author       = {{International Code Council}},
  year         = {2021},
  title        = {International Residential Code for One- and Two-Family Dwellings (IRC)},
  publisher    = {International Code Council},
  address      = {Washington, D.C.},
  url          = {https://codes.iccsafe.org/content/IRC2021P1},
  note         = {Versión 2021 revisada, consultada el 11 de octubre de 2025},
  organization = {ICC}
}

@misc{kanaries2023,
  author       = {Kanaries},
  title        = {Regresión Lasso vs Regresión Ridge en R – ¡Explicado!},
  year         = {2023},
  month        = {jan},
  day          = {5},
  url          = {https://docs.kanaries.net/es/topics/R/lasso-regression-r}
}

@misc{kavlakoglu2024,
  author       = {Kavlakoglu, E. and Russi, E.},
  title        = {What is XGBoost?},
  year         = {2024},
  month        = {may},
  day          = {9},
  howpublished = {IBM},
  url          = {https://www.ibm.com/think/topics/xgboost?mhsrc=ibmsearch_a&mhq=xgboost}
}

@article{kim2016,
  author  = {Kim, S. and Kim, H.},
  title   = {A new metric of absolute percentage error for intermittent demand forecasts},
  journal = {International Journal of Forecasting},
  volume  = {32},
  number  = {3},
  pages   = {669--679},
  year    = {2016},
  doi     = {10.1016/j.ijforecast.2015.12.003},
  url     = {https://doi.org/10.1016/j.ijforecast.2015.12.003}
}


@misc{Lacoma2025,
  author       = {Lacoma, T},
  title        = {How Much Does Brick Siding and Veneer Cost? [2025 Data]},
  year         = {2025},
  month        = {octubre},
  day          = {15},
  howpublished = {Angi},
  url          = {https://www.angi.com/articles/how-much-does-brick-veneer-cost.htm}, 
note = {Recuperado el 23 de octubre de 2025}
}

@misc{Lacoma2025b,
  author       = {Lacoma, T},
  title        = {How Much Does It Cost to Install a Subpanel? [2025 Data]},
  year         = {2025},
day = {junio},
month = {5},
  url          = {https://www.angi.com/articles/how-much-should-it-cost-install-50-amp-spa-panel.htm},
  note         = {Recuperado el 24 de octubre de 2025}
}

@misc{Langer2025,
  author       = {Langer, R},
  title        = {Forced-Air Furnace Cost: Pricing, Installation Factors, Efficiency, and Savings},
day = {28},
month = {septiembre},
year         = {2025},
  url          = {https://www.pickhvac.com/forced-air-furnace-cost-pricing-installation-factors/},
  note         = {Recuperado el 24 de octubre de 2025},
  publisher    = {Pick HVAC}
}

@misc{Langer2025b,
  author       = {Langer, R},
  title        = {What Is a Wall Furnace? Types, Costs, Efficiency, and Installation Guide},
  year         = {2025},
day = {7},
month = {septiembre},
  url          = {https://www.pickhvac.com/what-is-wall-furnace-types-costs-efficiency-installation/},
  note         = {Recuperado el 24 de octubre de 2025},
  publisher    = {Pick HVAC}
}

@misc{Loveland2025,
  author       = {Loveland, M},
  title        = {How Much Does It Cost to Build a Pool? [2025 Data]},
  year         = {2025},
day = {octubre},
month = {20},
  url          = {https://www.angi.com/articles/cost-to-build-a-pool.htm},
  note         = {Recuperado el 24 de octubre de 2025}
}

@article{macek2024,
  author  = {Macek, D. and Vitásek, S.},
  title   = {Risk Analysis in Building Renovations: Strategies for Risk Mitigation in Construction Engineering},
  journal = {Buildings},
  volume  = {14},
  number  = {7},
  pages   = {2219},
  year    = {2024},
  publisher = {MDPI},
  doi     = {10.3390/buildings14072219},
  url     = {https://doi.org/10.3390/buildings14072219}
}

**
@misc{mantas.f.,
  author       = {Manta},
  title        = {Central Air Conditioning Installation Costs in Ames, IA in 2025},
  year         = {s.f.},
  url          = {https://www.manta.com/cost-central-air-conditioning-installation-ames-ia},
  note         = {Recuperado el 24 de octubre de 2025}
}
@misc{marcelino2017,
  author       = {Marcelino, P.},
  title        = {Comprehensive Data Exploration with Python},
  year         = {2017},
  howpublished = {\url{https://www.kaggle.com/code/pmarcelino/comprehensive-data-exploration-with-python}},
  note         = {Accedido el 12 de septiembre de 2025}
}



@misc{Minasian-Koncewicz2025,
  author       = {Minasian-Koncewicz, S},
  title        = {Fiber Cement Siding Cost (2025 Guide)},
day = {9},
month = {septiembre},
  year         = {2025},
  howpublished = {This Old House},
  url          = {https://www.thisoldhouse.com/siding/fiber-cement-siding-cost}, 
note = {Recuperado el 23 de octubre de 2025}
}

@misc{Minasian-Koncewicz2025b,
  author       = {Minasian-Koncewicz, S},
  title        = {How Much Does Vinyl Siding Cost?},
day = {28}, 
month = {julio},
  year         = {2025},
  howpublished = {This Old House},
  url          = {https://www.thisoldhouse.com/siding/vinyl-siding-cost},
  note         = {Recuperado el 24 de octubre de 2025}
}

@misc{Minasian-Koncewicz2025c,
  author       = {Minasian-Koncewicz, S},
  title        = {Fiber Cement Siding Cost (2025 Guide)},
  year         = {2025},
day = {6},
month = {septiembre},
    howpublished = {This Old House},
  url          = {https://www.thisoldhouse.com/siding/fiber-cement-siding-cost},
  note         = {Recuperado el 24 de octubre de 2025}
}

@misc{mistry2018,
  author       = {Mistry, M. and Letsios, D. and Krennrich, G. and Lee, R. M. and Misener, R.},
  title        = {Mixed-integer convex nonlinear optimization with gradient-boosted trees embedded},
  year         = {2018},
  howpublished = {arXiv},
  url          = {https://arxiv.org/abs/1803.00952}
}

@misc{Moore2025,
  author       = {Moore, K},
  title        = {How Much Does a Privacy Fence Cost to Install? [2025 Data]},
  year         = {2025},
  month        = {jun},
  day          = {4},
  howpublished = {Angi},
  url          = {https://www.angi.com/articles/how-much-does-privacy-fence-cost.htm},
  note         = {Recuperado el 24 de octubre de 2025}
}

@article{nadarajah2025,
  author    = {Nadarajah, S.},
  title     = {Empirical calibration of XGBoost model hyperparameters},
  journal   = {Journal of Risk and Financial Management},
  volume    = {18},
  number    = {9},
  pages     = {487},
  year      = {2025},
  publisher = {MDPI},
  doi       = {10.3390/jrfm18090487},
  url       = {https://doi.org/10.3390/jrfm18090487}
}
@misc{nar2025,
  author       = {{National Association of Realtors}},
  title        = {2025 Home Buyers and Sellers Generational Trends Report},
  year         = {2025},
  howpublished = {National Association of Realtors},
  url          = {https://www.nar.realtor/research-and-statistics/research-reports/home-buyer-and-seller-generational-trends}
}

@misc{Nati2024,
  author       = {Nati, M},
  title        = {How Much Does Stone Siding Cost? [2025 Data]},
  year         = {2024},
day = {6}, 
month = {diciembre},
  url          = {https://www.angi.com/articles/stone-siding-cost.htm},
  note         = {Recuperado el 24 de octubre de 2025}
}


@misc{Noel2023,
  author       = {Noel, S},
  title        = {How much does a cinder block wall cost?},
  year         = {2023},
  month        = {diciembre},
  day          = {7},
  howpublished = {HomeGuide},
  url          = {https://homeguide.com/costs/cinder-block-wall-cost#:~:text=in%20residential%20backyard-,How%20much%20is%20a%20block%20wall%20per%20square%20foot?,cost%20up%20to%2020%25%20more.},
  note         = {Recuperado el 23 de octubre de 2025}
}

@misc{Noel2025,
  author       = {Noel, S},
  title        = {How much do precast or poured concrete walls cost?},
  year         = {2025},
day = {3},
month = {junio},
  url          = {https://homeguide.com/costs/precast-poured-concrete-wall-cost},
  note         = {Recuperado el 24 de octubre de 2025}
}

@online{Noel2025a,
  author       = {Noel, Sarah},
  year         = {2025},
  title        = {How much does it cost to remodel a house? (2025)},
  organization = {HomeGuide},
  url          = {https://homeguide.com/costs/house-remodeling-cost},
  note         = {Publicado el 22 de septiembre de 2025. Consultado el 23 de octubre de 2025}
}
@misc{NuanceEnergys.f.,
  author       = {NuanceEnergy},
  title        = {Stone Foundations For Solar Arrays: Cost, Pros & Cons},
  year         = {s.f.},
  url          = {https://nuanceenergy.com/solar-blog/stone-foundations-for-solar-arrays-cost-pros-cons},
  note         = {Recuperado el 24 de octubre de 2025}
}
@misc{ozdemir2022,
  author       = {Özdemir, O.},
  title        = {House price prediction using machine learning: A case in Iowa},
  year         = {2022},
  howpublished = {ResearchGate},
  doi          = {10.13140/RG.2.2.19846.86086},
  url          = {https://doi.org/10.13140/RG.2.2.19846.86086}
}

@book{peppard2016,
  author    = {Peppard, J. and Ward, J.},
  title     = {The strategic management of information systems: Building a digital strategy},
  edition   = {4th},
  year      = {2016},
  publisher = {Wiley},
  url       = {https://vdoc.pub/download/the-strategic-management-of-information-systems-building-a-digital-strategy-1oh6pds1ltg8}
}

@misc{Planner5Ds.f.,
  author       = {Planner5D},
  title        = {Cost of Membrane Roofing},
  year         = {s.f.},
  url          = {https://planner5d.com/costs/membrane-roofing-cost},
note = {Recuperado el 23 de octubre de 2025}
}

@misc{Planner5Ds.f.b,
  author       = {Planner5D},
  title        = {Cost of Plywood Siding},
  year         = {s.f.},
  url          = {https://planner5d.com/costs/plywood-siding-cost},
  note         = {Recuperado el 24 de octubre de 2025}
}

@misc{Planner5Ds.f.c,
  author       = {Planner5D},
  title        = {Cost of Wood Shingle Siding},
  year         = {s.f.},
  url          = {https://planner5d.com/costs/wood-shingle-siding-cost},
  note         = {Recuperado el 24 de octubre de 2025}
}

@article{poeta2019,
  author  = {Poeta, S. and Gerhardt, T. and Stumpf Gonzalez, M.},
  title   = {Análisis de precios hedónicos de viviendas},
  journal = {Revista ingeniería de construcción},
  volume  = {34},
  number  = {2},
  pages   = {215--220},
  year    = {2019},
  doi     = {10.4067/S0718-50732019000200215},
  url     = {https://dx.doi.org/10.4067/S0718-50732019000200215}
}

@misc{ProMatchers.f.,
  author       = {ProMatcher},
  title        = {Ames Home Additions Costs & Prices - ProMatcher Cost Report},
  year         = {s.f.},
  url          = {https://additions.promatcher.com/cost/ames-ia-additions-costs-prices.aspx},
note = {Recuperado el 23 de octubre de 2025}
}

@misc{ProMatchers.f.b,
  author       = {ProMatcher},
  title        = {Roofing Costs & Prices - ProMatcher Cost Report},
  year         = {s.f.},
  url          = {https://roofing.promatcher.com/cost/},
note = {Recuperado el 23 de octubre de 2025}
}

**
@misc{Ragan2025,
  author       = {Ragan, B},
  title        = {How Much Does an Asphalt Shingle Roof Cost? (2025 Update)},
  year         = {2025},
url = {https://www.billraganroofing.com/blog/how-much-does-asphalt-shingle-roof-cost},
  note         = {Recuperado el 24 de octubre de 2025}
}

@online{renoworks2023,
  author    = {Renoworks Software Inc.},
  year      = {2023},
  title     = {Best Roofing Types Explained: What to Choose for Your Home},
  url       = {https://www.renoworks.com/design-inspiration/roofing/best-types-explained-what-to-choose/},
  note      = {Consultado el 11 de octubre de 2025},
  organization = {Renoworks Software Inc.}
}

@online{roofcrafters2024,
  author    = {Roof-Crafters},
  year      = {2024},
  title     = {Which Roofing Material Is Most Compatible with Your Roof Style?},
  url       = {https://www.roof-crafters.com/learn/which-roofing-material-most-compatible-with-roof-style},
  note      = {Consultado el 11 de octubre de 2025},
  organization = {Roof-Crafters LLC}
}
@misc{Roysters.f.,
  author       = {Royster, W},
  title        = {The Franklin Stove: A Detailed Review Of The Principles Of Work, Costs, Pros And Cons
Source: https://firewoodguide.info/the-franklin-stove-a-review-of-work-and-costs},
  year         = {s.f.},
  url          = {https://firewoodguide.info/the-franklin-stove-a-review-of-work-and-costs/},
  note         = {Recuperado el 24 de octubre de 2025},
  publisher    = {FireWood Guide}
}

@misc{ShakeGuys2024,
  author       = {ShakeGuys},
  title        = {How Much Does a Cedar Shake Roof Cost? (2025 Analysis)},
day = {19},
month = {septiembre},
  year         = {2024},
  url          = {https://shakeguys.com/blog/cedar-shake-roof-cost/}, 
note = {Recuperado el 23 de octubre de 2025}
}

@article{sharma2024,
  author  = {Sharma, H. and Harsora, H. and Ogunleye, B. O.},
  title   = {An optimal house price prediction algorithm: XGBoost},
  journal = {Analytics},
  volume  = {3},
  number  = {1},
  pages   = {3045},
  year    = {2024},
  doi     = {10.3390/analytics3010003},
  url     = {https://doi.org/10.3390/analytics3010003}
}

@misc{Simms2025,
  author       = {Simms, D},
  title        = {How Much Does Hardie Board Siding Cost? [2025 Data]},
  year         = {2025},
  month        = {octubre},
  day          = {22},
  howpublished = {Angi},
  url          = {https://www.angi.com/articles/cost-of-hardie-board-siding.htm},
  note         = {Recuperado el 23 de octubre de 2025}
}

@misc{Simms2023,
  author       = {Simms, D},
  title        = {What Is a Wood Foundation? Everything You Need to Know About This Uncommon Foundation Style},
day = {21}, 
month = {julio},
  year         = {2023},
  url          = {https://www.angi.com/articles/wood-foundation.htm},
  note         = {Recuperado el 24 de octubre de 2025}
}

@misc{Simms2024,
  author       = {Simms, D},
  title        = {How Much Does It Cost to Install Shingle Siding? [2025 Data]},
  year         = {2024},
day = {6}, 
month = {diciembre},
  url          = {https://www.angi.com/articles/how-much-shingle-siding-cost.htm},
  note         = {Recuperado el 24 de octubre de 2025}
}

@misc{ShedCrafterss.f.,
  author       = {ShedCrafters},
  title        = {Shed Crafters Builder},
  year         = {s.f.},
  url = {https://www.shedcrafters.com/josegarcia?},
  note         = {Recuperado el 24 de octubre de 2025}
}

@misc{Statista2024,
  author       = {Statista},
  title        = {Distribution of residential heating fuel consumed in Iowa in 2022, by type},
  year         = {2024},
month = {mayo},
  url          = {https://www.statista.com/statistics/1231377/residential-heating-fuel-distribution-in-iowa/},
  note         = {Recuperado el 24 de octubre de 2025},
}

@misc{Statons.f.,
  author       = {Staton},
  title        = {How Much Does a New Heating System Cost?},
  year         = {s.f.},
  url          = {https://callstaton.com/how-much-does-a-new-heating-system-cost/}, 
note = {Recuperado el 24 de octubre de 2025}
}


@misc{Straughan2025,
  author       = {Straughan, D},
  title        = {How Much Do Cedar Shingles Cost?},
day = {3},
month = {septiembre},
  year         = {2025},
  howpublished = {Today's Homeowner},
  url          = {https://todayshomeowner.com/roofing/cost/cedar-shingles-cost/}, 
note = {Recuperado el 23 de octubre de 2025}
}

@misc{TexturePluss.f.,
  author       = {TexturePlus},
  title        = {Solid Brick vs. Brick Veneer: A Look at Costs, Installation Processes and Benefits},
  year         = {s.f.},
  url          = {https://www.textureplus.com/brick-vs-brick-veneer/},
  note         = {Recuperado el 24 de octubre de 2025}
}

@misc{EstimatorsUSs.f.,
  author       = {EstimatorsUS},
  title        = {How Much Does a Foundation Cost Per Square Foot?},
  year         = {s.f.},
  url          = {https://estimators.us/foundation-cost-per-square-foot/},
  note         = {Recuperado el 24 de octubre de 2025}
}

@misc{VintageCast2024,
  author       = {VintageCast},
  title        = {How Much Does Precast Concrete Cost per SF?},
  year         = {2024},
day = {22},
month = {mayo},
  url          = {https://www.vintagecast.com/how-much-does-precast-concrete-cost-per-sf/},
  note         = {Recuperado el 24 de octubre de 2025}
}

@misc{VinylSidingCalculators.f.,
  author       = {VinylSidingCalculator},
  title        = {Plywood Siding Costs},
  year         = {s.f.},
  url          = {https://www.vinylsidingcalculator.com/types/plywood-siding-costs.html},
  note         = {Recuperado el 24 de octubre de 2025}
}

**
@misc{Wallender2025,
  author       = {Wallender, L},
  title        = {12 Types of Roofing Materials and Their Costs},
  year         = {2025},
  howpublished = {The Spruce},
  url          = {https://www.thespruce.com/basic-types-and-cost-of-roofing-materials-1822016},
  note         = {Recuperado el 24 de octubre de 2025}
}

@misc{Wasson2025,
  author       = {Wasson, S},
  title        = {How Much Does a Clay Roof Cost?},
day = {3},
month = {septiembre},
  year         = {2025},
  howpublished = {Today's Homeowner},
  url          = {https://todayshomeowner.com/roofing/cost/clay-roof-cost/#:~:text=The%20average%20cost%20of%20a,price%2C%20pros%2C%20and%20cons.}, 
note = {Recuperado el 23 de octubre de 2025}
}


@misc{Weimert2025,
  author       = {Weimert, K},
  title        = {What Is the Cost of a Porch? [2025 Data]},
  year         = {2025},
day = {mayo},
month = {20},
howpublished = {Angi},
  url          = {https://www.angi.com/articles/cost-of-porch.htm},
  note         = {Recuperado el 24 de octubre de 2025}
}

@misc{Westerlund2025,
  author       = {Westerlund, S},
  title        = {How Much Does Wood Fence Installation Cost? [2025 Data]},
  year         = {2025},
day = {26},
month = {mayo},
  howpublished = {Angi},
  url          = {https://www.angi.com/articles/how-much-does-it-cost-install-wood-fence.htm},
  note         = {Recuperado el 24 de octubre de 2025}
}

@online{wikipediaFlatRoof2024,
  author    = {{Wikipedia contributors}},
  year      = {2024},
  title     = {Flat roof},
  url       = {https://en.wikipedia.org/wiki/Flat_roof},
  note      = {Versión revisada en 2024, consultado el 11 de octubre de 2025},
  organization = {Wikipedia, The Free Encyclopedia}
}

@misc{WLTeam2024,
  author       = {WLTeam},
  title        = {Is Asbestos Banned in the U.S.? Unveiling the Truth},
  year         = {2024},
day = {29},
month = {julio},
  url          = {https://www.weitzlux.com/blog/is-asbestos-banned-in-the-us/},
  note         = {Recuperado el 24 de octubre de 2025}
}

@article{ye2024,
  author  = {Ye, Q.},
  title   = {House price prediction using machine learning for Ames, Iowa},
  journal = {Applied and Computational Engineering},
  volume  = {55},
  pages   = {44--54},
  year    = {2024},
  doi     = {10.54254/2755-2721/55/20241483},
  url     = {http://dx.doi.org/10.54254/2755-2721/55/20241483}
}
@misc{yesh2018,
  author       = {Yesh, A.},
  title        = {Data cleaning in Ames housing dataset},
  year         = {2018},
  howpublished = {RPubs},
  url          = {https://rpubs.com/yesh747/GW_DATS_Final_Cleaning}
}
@misc{yun2025,
  author       = {Yun, L. and Lautz, J.},
  title        = {2025 Remodeling Impact Report},
  year         = {2025},
  howpublished = {National Association of REALTORS\textregistered\ Research Group},
  url          = {https://www.nari.org/NARI/media/Assets/2025-Remodeling-Impact-Report_Final-4-9-25.pdf}
}

@article{wang2019xgboost,
  title={A XGBoost risk model via feature selection and Bayesian hyper-parameter optimization},
  author={Wang, Yan and Ni, Xuelei Sherry},
  journal={arXiv preprint arXiv:1901.08433},
  year={2019},
  url={https://arxiv.org/abs/1901.08433}
}

@book{boehmke2020homl,
  title={Hands-On Machine Learning with R},
  author={Boehmke, Bradley and Greenwell, Brandon},
  year={2020},
  publisher={Chapman and Hall/CRC},
  url={https://bradleyboehmke.github.io/HOML/gbm.html}
}

@misc{xgboost_params,
  title        = {Parámetros de XGBoost — Documentación oficial (versión traducida)},
  author       = {{XGBoost Developers}},
  year         = {n.d.},
  note         = {Recuperado el 24 de octubre de 2025},
  howpublished = {\url{https://xgboost-readthedocs-io.translate.goog/en/stable/parameter.html}},
}

@misc{datascientest_bayesiana,
  title        = {Optimizaci{\'o}n bayesiana: definici{\'o}n y funcionamiento},
  author       = {DataScientest},
  year         = {2025},
  note         = {Recuperado el 24 de octubre de 2025},
  howpublished = {\url{https://datascientest.com/es/optimizacion-bayesiana}},
}
@misc{deCock2011,
  author       = {De Cock, Dean},
  title        = {Ames, Iowa: Alternative to the Boston Housing Data},
  year         = {2011},
  publisher    = {Iowa State University},
  note         = {Dataset documentation},
  url          = {https://www.openml.org/d/42165}
}
@misc{ICC2021,
  author       = {{International Code Council (ICC)}},
  title        = {International Residential Code (IRC 2021) for One- and Two-Family Dwellings},
  year         = {2021},
  publisher    = {International Code Council},
  address      = {Country Club Hills, IL},
  note         = {Sección R302.1 — Garages and Carports}
}
@misc{NAHB2023,
  author       = {{National Association of Home Builders (NAHB)}},
  title        = {Residential Construction Guidelines: Garages and Driveways},
  year         = {2023},
  publisher    = {National Association of Home Builders},
  address      = {Washington, DC},
  note         = {Sección 4.2 — Garages and Accessory Structures}
}

@misc{HUD2022,
  author       = {{U.S. Department of Housing and Urban Development (HUD)}},
  title        = {Minimum Property Standards for One- and Two-Family Dwellings (HUD Handbook 4910.1)},
  year         = {2022},
  publisher    = {U.S. Department of Housing and Urban Development},
  address      = {Washington, DC},
  note         = {Estándares mínimos de diseño y ocupación residencial}
}
@misc{ASA2011,
  author       = {{American Statistical Association}},
  title        = {Ames Housing Data Documentation File},
  year         = {2011},
  howpublished = {\url{http://www.amstat.org/publications/jse/v19n3/decock/DataDocumentation.txt}},
  note         = {Accessed: 2025-10-24}
}
@misc{Dawid2023,
  author       = {Dawid, Wies{\l}aw and Tomza, Grzegorz and Dawid, Sebastian and Kubicki, Szymon},
  title        = {Machine Learning of Usable Area of Gable-Roof Buildings Based Only on Topographic Data},
  year         = {2023},
  howpublished = {\url{https://www.mdpi.com/2072-4292/15/3/863}},
  note         = {Remote Sensing, 15(3), 863. MDPI. Accessed: 2025-10-24}
}
@misc{Durst2024,
  author       = {Durst, Noah and Zhang, Yang and Biljecki, Filip},
  title        = {Measuring Neighborhood Morphology: Evidence from Building Footprints in Five U.S. Metropolitan Areas},
  year         = {2024},
  howpublished = {\url{https://journals.plos.org/plosone/article?id=10.1371/journal.pone.0299713}},
  note         = {PLOS ONE, 19(4), e0299713. Accessed: 2025-10-24}
}
@misc{Smith2017,
  author       = {Smith, Andrew G.},
  title        = {Measuring and Modeling Building Geometry in Urban Design Studies},
  year         = {2017},
  howpublished = {\url{https://researchportal.port.ac.uk/en/publications/measuring-and-modeling-building-geometry-in-urban-design-studies}},
  note         = {University of Portsmouth Research Portal. Accessed: 2025-10-24}
}
@misc{ARMA2021,
  author       = {{Asphalt Roofing Manufacturers Association}},
  title        = {Residential Asphalt Roofing Manual},
  year         = {2021},
  howpublished = {\url{https://www.asphaltroofing.org/technical-information/}},
  note         = {Asphalt Roofing Manufacturers Association (ARMA). Accessed: 2025-10-24}
}

@misc{RoofingAlliance2022,
  author       = {{Roofing Alliance}},
  title        = {Roofing Alliance Technical Guide: Best Practices for Roof Design and Construction},
  year         = {2022},
  howpublished = {\url{https://roofingalliance.net/technical-reports/}},
  note         = {Roofing Alliance. Accessed: 2025-10-24}
}
% Options to cite

% (at)article :		An article from a magazine or a journal.
%			Required fields: author, title, journal, year.
%			Optional fields: volume, number, pages, month, note, doi.

% (at)book :		A published book
%			Required fields: author/editor, title, publisher, year.
%			Optional fields: volume/number, series, address, edition, month, note.

% (at)booklet :	A bound work without a named publisher or sponsor.
%			Required fields: title.
%			Optional fields: author, howpublished, address, month, year, note.

% (at)conference : 	Equal to inproceedings
%			Required fields: author, title, booktitle, year.
%			Optional fields: editor, volume/number, series, pages, address, month, organization, publisher, note.

%  (at)inbook :	A section of a book ''without'' its own title.
%			Required fields: author/editor, title, chapter and/or pages, publisher, year.
%			Optional fields: volume/number, series, type, address, edition, month, note.

%  (at)incollection :	A section of a book having its own title.
%			Required fields: author, title, booktitle, publisher, year.
%			Optional fields: editor, volume/number, series, type, chapter, pages, address, edition, month, note.

%  (at)inproceedings :	An article in a conference proceedings.
%				Required fields: author, title, booktitle, year.
%				Optional fields: editor, volume/number, series, pages, address, month, organization, publisher, note.

%  (at)manual :	Technical manual
%			Required fields: title.
%			Optional fields: author, organization, address, edition, month, year, note.

%  (at)mastersthesis :	Master's thesis
%				Required fields: author, title, school, year.
%				Optional fields: type (eg. "diploma thesis"), address, month, note.

%  (at)misc :		Template useful for other kinds of publication
%			Required fields: none
%			Optional fields: author, title, howpublished, month, year, note.

%  (at)phdthesis :	Ph.D. thesis
%			Required fields: author, title, year, school.
%			Optional fields: address, month, keywords, note.

%  (at)proceedings :	The proceedings of a conference.
%			Required fields: title, year.
%			Optional fields: editor, volume/number, series, address, month, organization, publisher, note.

%  (at)techreport :	Technical report from educational, commercial or standardization institution.
%			Required fields: author, title, institution, year.
%			Optional fields: type, number, address, month, note.

%  (at)unpublished :	An unpublished article, book, thesis, etc.
%			Required fields: author, title, note.
%			Optional fields: month, year.

%  See more details at http://en.wikibooks.org/wiki/LaTeX/Bibliography_Management